<collection xmlns="http://www.loc.gov/MARC21/slim"><record><leader>00781nam  2200229   450</leader><controlfield tag="001">949</controlfield><controlfield tag="003">http://montalegre.opacnet.com/OPAC/default.aspx?ContentAreaControl=ShowRegHoldings.ascx&amp;RegNo=16662</controlfield><controlfield tag="005">20</controlfield><datafield tag="100" ind1=" " ind2=" "><subfield code="a">20100708d1984----k  y0pory0103    ba</subfield></datafield><datafield tag="101" ind1="1" ind2=" "><subfield code="a">por</subfield><subfield code="c">ita</subfield></datafield><datafield tag="102" ind1=" " ind2=" "><subfield code="a">PT</subfield></datafield><datafield tag="200" ind1="1" ind2=" "><subfield code="a">Ilaçöes sobre um sabre</subfield><subfield code="f">Claudio Magris</subfield><subfield code="g">tradução de Maria Luísa Rodrigues de Freitas</subfield></datafield><datafield tag="210" ind1=" " ind2=" "><subfield code="a">Lisboa</subfield><subfield code="c">Difel</subfield><subfield code="d">1984</subfield></datafield><datafield tag="215" ind1=" " ind2=" "><subfield code="a">100 p.</subfield><subfield code="d">19 cm</subfield></datafield><datafield tag="304" ind1=" " ind2=" "><subfield code="a">Tít. orig.: Illazioni su una sciabola</subfield></datafield><datafield tag="606" ind1="1" ind2=" "><subfield code="a">Literatura italiana</subfield></datafield><datafield tag="675" ind1=" " ind2=" "><subfield code="a">821</subfield><subfield code="z">por</subfield></datafield><datafield tag="700" ind1=" " ind2="1"><subfield code="a">Magris</subfield><subfield code="b">Claudio</subfield><subfield code="f">1939-</subfield></datafield><datafield tag="702" ind1=" " ind2="1"><subfield code="a">Freitas</subfield><subfield code="b">Maria Luísa Rodrigues de</subfield><subfield code="4">730</subfield></datafield><datafield tag="801" ind1=" " ind2="0"><subfield code="a">PT</subfield><subfield code="b">Biblioteca Municipal de Montalegre</subfield><subfield code="g">RPC</subfield></datafield><datafield tag="856" ind1=" " ind2=" "><subfield code="u">locateMedia.asp?cod=20060703110252&amp;ext=jpg</subfield><subfield code="z">CAPA</subfield></datafield><datafield tag="909" ind1="&#9;" ind2=" "><subfield code="a">2</subfield></datafield><datafield tag="966" ind1=" " ind2=" "><subfield code="a">0009195</subfield><subfield code="l">BMM</subfield><subfield code="s">SCG 821 MAG ila</subfield></datafield><datafield tag="966" ind1=" " ind2=" "><subfield code="a">1002257</subfield><subfield code="l">BEM</subfield><subfield code="s">BEM 82 MAG</subfield></datafield></record></collection>